@article{jackson2012improvements,
  title={Improvements in measuring shoulder joint kinematics},
  author={Jackson, Monique and Michaud, Benjamin and T{\'e}treault, Patrice and Begon, Micka{\"e}l},
  journal={Journal of biomechanics},
  volume={45},
  number={12},
  pages={2180--2183},
  year={2012},
  publisher={Elsevier}
}
